<record xmlns:xsi="http://www.w3.org/2001/XMLSchema-instance" xmlns="http://www.loc.gov/MARC21/slim" xsi:schemaLocation="http://www.loc.gov/MARC21/slim http://www.loc.gov/standards/marcxml/schema/MARC21slim.xsd">

  <leader>00819nam a2200229Ia 4500</leader>
  <controlfield tag="008">150715b1994    US ||||| |||| 00| | ENG d</controlfield>
  <datafield ind2=" " ind1=" " tag="020">
    <subfield code="a">0827033141</subfield>
  </datafield>
  <datafield ind1=" " tag="090" ind2=" ">
    <subfield code="a">06.02.01 </subfield>
    <subfield code="b">1552</subfield>
  </datafield>
  <datafield tag="245" ind1="1" ind2="0">
    <subfield code="a">Education, equity and economic competitiveness in the Americas: an Inter -American Dialogue Proyect / </subfield>
    <subfield code="c">Jeffrey M Puryear, editor, José Joaquín Brunner, editor</subfield>
  </datafield>
  <datafield ind1=" " tag="260" ind2=" ">
    <subfield code="a">Washington : </subfield>
    <subfield code="b">O.E.A, </subfield>
    <subfield code="c">1994</subfield>
  </datafield>
  <datafield tag="300" ind1=" " ind2=" ">
    <subfield code="a">124 páginas; Volumen 1</subfield>
  </datafield>
  <datafield tag="490" ind1=" " ind2=" ">
    <subfield code="a">INTERAMER /General Secretariat of the Organization of American States</subfield>
  </datafield>
  <datafield tag="500" ind1=" " ind2=" ">
    <subfield code="a">Disponible en Idioma en inglés</subfield>
  </datafield>
  <datafield ind2="4" tag="650" ind1="1">
    <subfield code="a">EDUCACIÓN</subfield>
    <subfield code="9">1</subfield>
  </datafield>
  <datafield ind2="4" ind1="1" tag="650">
    <subfield code="a">EQUIDAD</subfield>
    <subfield code="9">343</subfield>
  </datafield>
  <datafield tag="650" ind1="1" ind2="4">
    <subfield code="a">ECONOMÍA</subfield>
    <subfield code="9">344</subfield>
  </datafield>
  <datafield ind2="4" ind1="1" tag="650">
    <subfield code="a">COMPETENCIA</subfield>
    <subfield code="9">345</subfield>
  </datafield>
  <datafield ind2="4" tag="651" ind1=" ">
    <subfield code="a">AMÉRICA</subfield>
    <subfield code="9">346</subfield>
  </datafield>
  <datafield ind2=" " tag="700" ind1=" ">
    <subfield code="9">347</subfield>
    <subfield code="a">Puryear, Jeffrey M.</subfield>
  </datafield>
  <datafield ind1=" " tag="700" ind2=" ">
    <subfield code="a">Brunner, José Joaquín</subfield>
    <subfield code="9">348</subfield>
  </datafield>
  <datafield ind2=" " ind1=" " tag="942">
    <subfield code="2">z</subfield>
    <subfield code="c">01</subfield>
  </datafield>
  <datafield ind2=" " ind1=" " tag="999">
    <subfield code="c">44</subfield>
    <subfield code="d">44</subfield>
  </datafield>
</record>